<?xml version="1.0" encoding="UTF-8"?><collection xmlns="http://www.loc.gov/MARC21/slim"><record><leader>00670nam--2200181-i-4500</leader><controlfield tag="001">000049257</controlfield><controlfield tag="002">20161230</controlfield><controlfield tag="005">20161230201047</controlfield><controlfield tag="008">060222s1000------------r-----000-0-eng-d</controlfield><datafield ind1=" " ind2=" " tag="040"><subfield code="a">IFIN-HH</subfield></datafield><datafield ind1=" " ind2=" " tag="080"><subfield code="a">539.12</subfield></datafield><datafield ind1="1" ind2=" " tag="100"><subfield code="a">Bellini, G./S.A.</subfield></datafield><datafield ind1="1" ind2="0" tag="245"><subfield code="a">Interactions of elementary particles with nuclei</subfield><subfield code="b">Proceedings of the topical semiar on: interactions of elementary particles with nuclei, trieste, september 15-17, 1970</subfield><subfield code="c">G. bellini, l. bertocchi, s. bonetti (eds.)</subfield></datafield><datafield ind1=" " ind2=" " tag="260"><subfield code="a">Miramare-trieste</subfield><subfield code="b">The International Centre For Theoretical Physics</subfield><subfield code="c">1970</subfield></datafield><datafield ind1=" " ind2=" " tag="300"><subfield code="a">VII + 434P</subfield></datafield><datafield ind1="1" ind2=" " tag="700"><subfield code="a">Bonetti, S</subfield></datafield><datafield ind1=" " ind2=" " tag="852"><subfield code="a">34995</subfield><subfield code="c">539.12</subfield></datafield><datafield ind1=" " ind2=" " tag="CAT"><subfield code="a">Sys</subfield><subfield code="c">20111122</subfield><subfield code="h">085004</subfield></datafield></record></collection>